<record><leader>00000cas a22000007a 4500</leader><controlfield tag="001">1764913</controlfield><controlfield tag="008">751101d18781882mnuwr ne      0    0swe d</controlfield><datafield ind1=" " ind2=" " tag="010"><subfield code="a">sn 90059653 </subfield></datafield><datafield ind1=" " ind2=" " tag="040"><subfield code="a">MUL</subfield><subfield code="b">eng</subfield><subfield code="c">MUL</subfield><subfield code="d">MN#</subfield><subfield code="d">OCLCQ</subfield><subfield code="d">OCLCF</subfield><subfield code="d">OCLCO</subfield><subfield code="d">DLC</subfield><subfield code="d">OCL</subfield></datafield><datafield ind1="1" ind2=" " tag="029"><subfield code="a">AU@</subfield><subfield code="b">000025889253</subfield></datafield><datafield ind1=" " ind2=" " tag="042"><subfield code="a">msc</subfield></datafield><datafield ind1=" " ind2=" " tag="043"><subfield code="a">n-us-mn</subfield></datafield><datafield ind1=" " ind2=" " tag="052"><subfield code="a">4144</subfield><subfield code="b">R4</subfield></datafield><datafield ind1=" " ind2=" " tag="052"><subfield code="a">4143</subfield><subfield code="b">G6</subfield></datafield><datafield ind1="0" ind2=" " tag="130"><subfield code="a">Skaffaren (Red Wing, Minn. : 1878)</subfield></datafield><datafield ind1="0" ind2="0" tag="245"><subfield code="a">Skaffaren.</subfield></datafield><datafield ind1=" " ind2=" " tag="260"><subfield code="a">Red Wing, Minn. :</subfield><subfield code="b">E. Norelius,</subfield><subfield code="c">1878-1882.</subfield></datafield><datafield ind1=" " ind2=" " tag="300"><subfield code="a">4 v.</subfield></datafield><datafield ind1=" " ind2=" " tag="310"><subfield code="a">Weekly,</subfield><subfield code="b">Jan. 7, 1880-Apr. 26, 1882</subfield></datafield><datafield ind1=" " ind2=" " tag="321"><subfield code="a">Monthly,</subfield><subfield code="b">Dec. 1878-Jan. 1879</subfield></datafield><datafield ind1=" " ind2=" " tag="321"><subfield code="a">Semimonthly,</subfield><subfield code="b">Feb. 1, 1879-Dec. 18, 1879</subfield></datafield><datafield ind1="0" ind2=" " tag="362"><subfield code="a">1:sta a&#778;rg., n:o 1. (dec. 1878)-4:de a&#778;rg. n:o 17. (26 april 1882).</subfield></datafield><datafield ind1=" " ind2=" " tag="500"><subfield code="a">Published at St. Paul, Minn., Sept. 19, 1879-Apr. 26, 1882.</subfield></datafield><datafield ind1=" " ind2=" " tag="530"><subfield code="a">Available on microfilm from the Minnesota Historical Society.</subfield></datafield><datafield ind1=" " ind2=" " tag="546"><subfield code="a">In Swedish.</subfield></datafield><datafield ind1=" " ind2="0" tag="650"><subfield code="a">Swedes</subfield><subfield code="z">Minnesota</subfield><subfield code="v">Newspapers.</subfield></datafield><datafield ind1=" " ind2="0" tag="650"><subfield code="a">Swedish Americans</subfield><subfield code="z">Minnesota</subfield><subfield code="v">Newspapers.</subfield></datafield><datafield ind1=" " ind2="0" tag="651"><subfield code="a">Red Wing (Minn.)</subfield><subfield code="v">Newspapers.</subfield></datafield><datafield ind1=" " ind2="0" tag="651"><subfield code="a">Saint Paul (Minn.)</subfield><subfield code="v">Newspapers.</subfield></datafield><datafield ind1=" " ind2="0" tag="651"><subfield code="a">Goodhue County (Minn.)</subfield><subfield code="v">Newspapers.</subfield></datafield><datafield ind1=" " ind2="0" tag="651"><subfield code="a">Ramsey County (Minn.)</subfield><subfield code="v">Newspapers.</subfield></datafield><datafield ind1=" " ind2="7" tag="655"><subfield code="a">Newspapers.</subfield><subfield code="2">fast</subfield><subfield code="0">(OCoLC)fst01423814</subfield></datafield><datafield ind1=" " ind2="7" tag="650"><subfield code="a">Swedes.</subfield><subfield code="2">fast</subfield><subfield code="0">(OCoLC)fst01139996</subfield></datafield><datafield ind1=" " ind2="7" tag="650"><subfield code="a">Swedish Americans.</subfield><subfield code="2">fast</subfield><subfield code="0">(OCoLC)fst01140023</subfield></datafield><datafield ind1=" " ind2="7" tag="651"><subfield code="a">Minnesota.</subfield><subfield code="2">fast</subfield><subfield code="0">(OCoLC)fst01204560</subfield></datafield><datafield ind1=" " ind2="7" tag="651"><subfield code="a">Minnesota</subfield><subfield code="z">Goodhue County.</subfield><subfield code="2">fast</subfield><subfield code="0">(OCoLC)fst01213356</subfield></datafield><datafield ind1=" " ind2="7" tag="651"><subfield code="a">Minnesota</subfield><subfield code="z">Ramsey County.</subfield><subfield code="2">fast</subfield><subfield code="0">(OCoLC)fst01213443</subfield></datafield><datafield ind1=" " ind2="7" tag="651"><subfield code="a">Minnesota</subfield><subfield code="z">Red Wing.</subfield><subfield code="2">fast</subfield><subfield code="0">(OCoLC)fst01206394</subfield></datafield><datafield ind1=" " ind2="7" tag="651"><subfield code="a">Minnesota</subfield><subfield code="z">Saint Paul.</subfield><subfield code="2">fast</subfield><subfield code="0">(OCoLC)fst01212130</subfield></datafield><datafield ind1=" " ind2=" " tag="752"><subfield code="a">United States</subfield><subfield code="b">Minnesota</subfield><subfield code="c">Goodhue</subfield><subfield code="d">Red Wing.</subfield></datafield><datafield ind1=" " ind2=" " tag="752"><subfield code="a">United States</subfield><subfield code="b">Minnesota</subfield><subfield code="c">Ramsey</subfield><subfield code="d">Red Wing.</subfield></datafield><datafield ind1="0" ind2="0" tag="780"><subfield code="t">Ev. luthersk tidskrift</subfield><subfield code="w">(DLC)sn 89064552</subfield></datafield><datafield ind1="0" ind2="7" tag="785"><subfield code="t">Minnesota stats tidning (Minneapolis, Minn. : 1877)</subfield><subfield code="w">(DLC)sn 90059657</subfield></datafield><datafield ind1="0" ind2="7" tag="785"><subfield code="t">Skaffaren och Minnesota stats tidning</subfield><subfield code="w">(DLC)sn 90059654</subfield></datafield></record>